<collection xmlns="http://www.loc.gov/MARC21/slim">
<record>
  <leader>01578nam0a22003131i 450 </leader>
  <controlfield tag="001">IT\ICCU\CNCE\048458</controlfield>
  <controlfield tag="005">20021016000000.0</controlfield>
  <datafield tag="100" ind1=" " ind2=" ">
    <subfield code="a">19990410d1593        0itac0103    ba</subfield>
  </datafield>
  <datafield tag="101" ind1=" " ind2=" ">
    <subfield code="a">ITA</subfield>
  </datafield>
  <datafield tag="102" ind1=" " ind2=" ">
    <subfield code="a">IT</subfield>
  </datafield>
  <datafield tag="200" ind1="1" ind2=" ">
    <subfield code="a">Rime piaceuoli di Cesare Caporali, del Mauro, et d&apos;altri auttori. Accresciute in questa sesta impressione di molte rime graui et burlesche del sig. Torquato Tasso, del sig. Annibal Caro et di diuersi nobilissimi ingegni</subfield>
  </datafield>
  <datafield tag="210" ind1=" " ind2=" ">
    <subfield code="a">In Venetia</subfield>
    <subfield code="c">presso Gio. Battista Bonfadino</subfield>
    <subfield code="d">1593</subfield>
  </datafield>
  <datafield tag="215" ind1=" " ind2=" ">
    <subfield code="a">\24!, 264 p.</subfield>
    <subfield code="d">12ʻ</subfield>
  </datafield>
  <datafield tag="620" ind1=" " ind2=" ">
    <subfield code="a">IT</subfield>
    <subfield code="d">Venezia</subfield>
  </datafield>
  <datafield tag="700" ind1=" " ind2="1">
    <subfield code="a">Caporali,</subfield>
    <subfield code="b">Cesare</subfield>
    <subfield code="3">IT\ICCU\CNCA\002564</subfield>
  </datafield>
  <datafield tag="702" ind1=" " ind2="1">
    <subfield code="a">Caro,</subfield>
    <subfield code="b">Annibale</subfield>
    <subfield code="3">IT\ICCU\CNCA\000242</subfield>
  </datafield>
  <datafield tag="702" ind1=" " ind2="1">
    <subfield code="a">Mauro,</subfield>
    <subfield code="b">Giovanni</subfield>
    <subfield code="3">IT\ICCU\CNCA\001102</subfield>
  </datafield>
  <datafield tag="702" ind1=" " ind2="1">
    <subfield code="a">Tasso,</subfield>
    <subfield code="b">Torquato</subfield>
    <subfield code="3">IT\ICCU\CNCA\002182</subfield>
  </datafield>
  <datafield tag="712" ind1="0" ind2="0">
    <subfield code="a">Bonfadino, Giovanni Battista</subfield>
    <subfield code="3">IT\ICCU\CNCT\000573</subfield>
    <subfield code="4">650</subfield>
  </datafield>
  <datafield tag="790" ind1=" " ind2="0">
    <subfield code="a">Agresto</subfield>
    <subfield code="c"> : da#Ficaruolo</subfield>
    <subfield code="3">IT\ICCU\CNCA\007549</subfield>
    <subfield code="z">Caro, Annibale</subfield>
  </datafield>
  <datafield tag="790" ind1=" " ind2="1">
    <subfield code="a">Arcano,</subfield>
    <subfield code="b">Giovanni Mauro : d&apos;</subfield>
    <subfield code="3">IT\ICCU\CNCA\002565</subfield>
    <subfield code="z">Mauro, Giovanni</subfield>
  </datafield>
  <datafield tag="790" ind1=" " ind2="0">
    <subfield code="a">Mauro</subfield>
    <subfield code="3">IT\ICCU\CNCA\023071</subfield>
    <subfield code="z">Mauro, Giovanni</subfield>
  </datafield>
  <datafield tag="790" ind1=" " ind2="1">
    <subfield code="a">Uranio,</subfield>
    <subfield code="b">Felice</subfield>
    <subfield code="3">IT\ICCU\CNCA\008878</subfield>
    <subfield code="z">Tasso, Torquato</subfield>
  </datafield>
  <datafield tag="790" ind1=" " ind2="1">
    <subfield code="a">Fenice,</subfield>
    <subfield code="b">Uranio</subfield>
    <subfield code="3">IT\ICCU\CNCA\017207</subfield>
    <subfield code="z">Tasso, Torquato</subfield>
  </datafield>
  <datafield tag="791" ind1="0" ind2="0">
    <subfield code="a">Bonfadius, Ioannes Baptista</subfield>
    <subfield code="3">IT\ICCU\CNCT\004727</subfield>
    <subfield code="z">Bonfadino, Giovanni Battista</subfield>
  </datafield>
  <datafield tag="791" ind1="0" ind2="0">
    <subfield code="a">Bonfadinus, Ioannes Baptista</subfield>
    <subfield code="3">IT\ICCU\CNCT\004728</subfield>
    <subfield code="z">Bonfadino, Giovanni Battista</subfield>
  </datafield>
  <datafield tag="791" ind1="0" ind2="0">
    <subfield code="a">Bonfadini, Giovanni Battista</subfield>
    <subfield code="3">IT\ICCU\CNCT\004730</subfield>
    <subfield code="z">Bonfadino, Giovanni Battista</subfield>
  </datafield>
  <datafield tag="801" ind1=" " ind2="3">
    <subfield code="a">IT</subfield>
    <subfield code="b">ICCU</subfield>
    <subfield code="c">20201115</subfield>
  </datafield>
  <datafield tag="899" ind1=" " ind2=" ">
    <subfield code="a">Biblioteca civica A. Mai. Bergamo</subfield>
    <subfield code="1">BG0026</subfield>
    <subfield code="2">LO1 02</subfield>
  </datafield>
</record>
</collection>
